@article{guild1931colorimetric,
  title={The colorimetric properties of the spectrum},
  author={Guild, John},
  journal={Philosophical Transactions of the Royal Society of London. Series A, Containing Papers of a Mathematical or Physical Character},
  volume={230},
  number={681-693},
  pages={149--187},
  year={1931},
  publisher={The Royal Society London}
}
