@book{artin1991algebra,
  title={Algebra},
  author={Artin, M.},
  isbn={9780130047632},
  year={1991},
  publisher={Prentice Hall}
}

@book{herstein1990abstract,
  title={Abstract Algebra},
  author={Herstein, I.N.},
  isbn={9780023538223},
  year={1990},
  publisher={Macmillan Pub.}
}

